<?xml version="1.0" encoding="UTF-8"?><collection xmlns="http://www.loc.gov/MARC21/slim"><record><leader>00559nam--2200205-i-4500</leader><controlfield tag="001">000027553</controlfield><controlfield tag="002">20161230</controlfield><controlfield tag="005">20161230201036</controlfield><controlfield tag="008">060222s1000------------r-----000-0-rus-d</controlfield><datafield ind1=" " ind2=" " tag="040"><subfield code="a">IFIN-HH</subfield></datafield><datafield ind1=" " ind2=" " tag="041"><subfield code="a">rus</subfield></datafield><datafield ind1=" " ind2=" " tag="080"><subfield code="a">535.51:543.5</subfield></datafield><datafield ind1="1" ind2=" " tag="100"><subfield code="a">Azzam, M.A</subfield></datafield><datafield ind1="1" ind2="0" tag="245"><subfield code="a">Ellipsometria i poliarizovannii svet</subfield><subfield code="c">M.a.azzam; n.m. bashara</subfield></datafield><datafield ind1=" " ind2=" " tag="260"><subfield code="a">Moskva</subfield><subfield code="b">Mir</subfield><subfield code="c">1981</subfield></datafield><datafield ind1=" " ind2=" " tag="300"><subfield code="a">583p</subfield></datafield><datafield ind1=" " ind2=" " tag="500"><subfield code="a">Titlul Original In Limba Rusa: Ellipsometry And Polarized Light</subfield></datafield><datafield ind1="1" ind2=" " tag="700"><subfield code="a">Bashara, N.M</subfield></datafield><datafield ind1=" " ind2=" " tag="852"><subfield code="a">49109</subfield><subfield code="c">535.37</subfield></datafield><datafield ind1=" " ind2=" " tag="CAT"><subfield code="a">Sys</subfield><subfield code="c">20110426</subfield><subfield code="h">115924</subfield></datafield></record></collection>